@book{fill,
   title =     {Term-Structure Models: A Graduate Course},
   author =    {Damir Filipovic},
   publisher = {Springer-Verlag Berlin Heidelberg},
   isbn =      {3540097260,9783540097266,9783540680154},
   year =      {2009},
   series =    {Springer Finance},
   edition =   {1st},
   volume =    {},
}

@book{trololo,
   title =     {Interest Rate Models - Theory and Practice: With Smile, Inflation and Credit},
   author =    {Damiano Brigo and Fabio Mercurio},
   publisher = {Springer},
   isbn =      {3540221492,3-540-41772-9,978-3-540-22149-4},
   year =      {2006},
   series =    {Springer Finance},
   edition =   {2nd},
   volume =    {},
}

@book{mart,
   title =     {Martingale Methods in Financial Modelling},
   author =    {Marek Musiela and Marek Rutkowski},
   publisher = {Springer},
   isbn =      {9783642058981,3642058981},
   year =      {2010},
   series =    {Stochastic Modelling and Applied Probability},
   edition =   {2nd ed. 2005. Corr. 3rd printing},
   volume =    {},
   url =       {http://gen.lib.rus.ec/book/index.php?md5=D0843F4661A2CB265850871E21734A91}},
   
@MISC {modtaux,
    author       = {Celine Azizieh},
    title        = {Modélisation Des Taux D'intérêt},
    howpublished = {Université Libre De Bruxelle},
    year         = {2014},
    url = {http://homepages.ulb.ac.be/~cazizieh/Statf508_files/interest_rates_2.pdf},
}
   